@online{musicBrainz,
title  = {MusicBrainz {D}atabase},
urldate   = {2020-04},
url    = {https://musicbrainz.org/doc/MusicBrainz_Database/}
}
@book{duranti2015encyclopedia,
  title={Encyclopedia of {A}rchival {S}cience},
  author={Duranti, L. and Franks, P.C.},
  isbn={9780810888111},
  url={https://books.google.it/books?id=ryT-CQAAQBAJ},
  year={2015},
  publisher={Rowman \& Littlefield Publishers}
}
@online{dublinCore,
title  = {DublinCore website},
urldate   = {2020-04},
url    = {https://dublincore.org/}
}
@online{EBUCore,
title  = {EBUCore website},
urldate   = {2020-04},
url    = {https://tech.ebu.ch/MetadataEbuCore}
}
@online{EBUCoreXSD,
title  = {EBUCore {XSD}},
urldate   = {2020-04},
url    = {https://www.ebu.ch/metadata/schemas/EBUCore/ebucore.xsd}
}
@online{METS,
title  = {METS website},
urldate   = {2020-04},
url    = {https://www.loc.gov/standards/mets/}
}
@online{XMP,
title  = {XMP specification},
urldate   = {2020-04},
url    = {https://wwwimages2.adobe.com/content/dam/acom/en/devnet/xmp/pdfs/XMP%20SDK%20Release%20cc-2016-08/XMPSpecificationPart3.pdf}
}
@online{basex,
title  = {Base{X} statistics},
urldate   = {2020-04},
url    = {https://docs.basex.org/wiki/Statistics}
}
@online{spotify,
title  = {Spotify storage},
urldate   = {2020-04},
url    = {https://www.quora.com/How-much-storage-does-Spotify-have}
}
@online{spotifyCassandra,
title  = {Spotify and {C}assandra},
urldate   = {2020-04},
url    = {https://labs.spotify.com/2013/02/25/in-praise-of-boring-technology/}
}
@online{spotifyGoogle,
title  = {Google {C}loud for {S}potify},
urldate   = {2020-04},
url    = {https://cloud.google.com/blog/products/gcp/spotify-chooses-google-cloud-platform-to-power-data-infrastructure}
}
@online{grammy,
title  = {Grammy {F}oundation basic methodology for preservation and archiving of recorded media},
urldate= {2020-04},
url    = {https://wonlineww.grammy.com/sites/com/files/pages/methodology_final2.pdf}
}
@article{pavlovic2007native,
  title={Native {XML} databases vs. relational databases in dealing with XML documents},
  author={Pavlovic-Lazetic, Gordana},
  journal={Kragujevac J. Math},
  volume={30},
  pages={181--199},
  year={2007},
  publisher={Citeseer}
}
